<record><leader>00000cas a22000007a 4500</leader><controlfield tag="001">14708414</controlfield><controlfield tag="008">861113d18911uuutxuwr ne      0    0eng d</controlfield><datafield ind1=" " ind2=" " tag="010"><subfield code="a">sn 86089925 </subfield></datafield><datafield ind1=" " ind2=" " tag="040"><subfield code="a">PPM</subfield><subfield code="b">eng</subfield><subfield code="c">PPM</subfield><subfield code="d">OCLCQ</subfield></datafield><datafield ind1=" " ind2=" " tag="042"><subfield code="a">msc</subfield></datafield><datafield ind1="0" ind2="0" tag="245"><subfield code="a">Floyd County times.</subfield></datafield><datafield ind1=" " ind2=" " tag="260"><subfield code="a">Floydada, Tex. :</subfield><subfield code="b">J.F. Lockney</subfield></datafield><datafield ind1=" " ind2=" " tag="300"><subfield code="a">v. :</subfield><subfield code="b">ill. ;</subfield><subfield code="c">55 cm.</subfield></datafield><datafield ind1=" " ind2=" " tag="310"><subfield code="a">Weekly</subfield></datafield><datafield ind1="1" ind2=" " tag="362"><subfield code="a">Description based on: vol. 1, no 11 (Apr. 17, 1891).</subfield></datafield><datafield ind1=" " ind2=" " tag="752"><subfield code="a">United States</subfield><subfield code="b">Texas</subfield><subfield code="c">Floyd</subfield><subfield code="d">Floydada.</subfield></datafield><datafield ind1="0" ind2="0" tag="780"><subfield code="t">Texas kicker</subfield><subfield code="w">(DLC)sn 86090022</subfield></datafield></record>